@article{Wang2021InfraredTF,
  title={Infrared Thermography for Measuring Elevated Body Temperature: Clinical Accuracy, Calibration, and Evaluation},
  author={Quanzeng Wang and Yangling Zhou and Pejman Ghassemi and David McBride and Jon P. Casamento and T. Joshua Pfefer},
  journal={Sensors (Basel, Switzerland)},
  year={2021},
  volume={22},
  url={https://api.semanticscholar.org/CorpusID:245585208}
}

@misc{wine-dataset,
  title = {Wine dataset for classification},
  year = {1991},
  url = {https://archive.ics.uci.edu/dataset/109/wine},
}

@book{tukey,
  author = {Tukey, J. W.},
  title = {Exploratory Data Analysis},
  year = {1977},
  publisher = {Addison-Wesley},
}

@article{domingos,
  author = {Domingos, P.},
  title = {A Few Useful Things to Know About Machine Learning},
  journal = {Communications of the ACM},
  volume = {55},
  number = {10},
  year = {2012},
}